%%%::::::::::::::::::::::::::::::scienceThesis V2::::::::::::::::::::::::::::::%%%
% This file should be used for the bibliography unless the \bibliografia{}
% parameter hasn't been changed.
%%%:::::::::::::::::::::::::::::::::::::::::::::::::::::::::::::::::::::::::::::::