%%%::::::::::::::::::::::::::::::scienceThesis V2::::::::::::::::::::::::::::::%%%
% This file should be used for the references unless the \bibliography{}
% parameter hasn't been changed.
%%%:::::::::::::::::::::::::::::::::::::::::::::::::::::::::::::::::::::::::::::::