@Misc{wikibooks,
title = {\LaTeX{}},
howpublished = {\url{http://en.wikibooks.org/wiki/LaTeX}},
month = {12},
year = {1012}
}
@Book{phyAtkins,
author = {Peter Atkins},
title = {Physical Chemistry},
publisher = {Oxford university press},
year = {2006},
edition = {8},
}
