@Misc{blackPerl,
author = {Wikipedia},
title = {Black Perl},
howpublished = {\url{http://en.wikipedia.org/wiki/Black_Perl}},
month = {12},
year = {1012}
}
@Manual{guidelines,
title = {Final year dissertations and review paper formatting guidelines},
author = {Department of Physics},
organization = {University of Malta},
address = {Msida}
}
@article{Gra91,
author = {Gr\"{a}tzel, Michael and Brian, O'Regan},
journal = {Nature},
pages = {737--740},
title = {{A low-cost, high-efficiency solar cell based on dye-sensitized colloidal TiO$_2$ films}},
url = {http://vohweb.chem.ucla.edu/voh/classes\%5Cfall11\%5C285ID174\%5Cpaper10b.pdf},
volume = {353},
year = {1991}
}
@Book{Quantum,
author = {Nouredine Zettili},
title = {Quantum Mechanics concepts and applications},
publisher = {Wiley},
year = {2009},
edition = {2},
}
